@book{conway,
  title={A Course in Functional Analysis},
  author={Conway, J.B.},
  isbn={9780387972459},
  series={Graduate Texts in Mathematics},
  year={1994},
  publisher={Springer New York}
}

@book{takesaki,
  title={Theory of Operator Algebras I},
  author={Takesaki, M.},
  isbn={9783540422488},
  series={Encyclopaedia of Mathematical Sciences},
  year={2001},
  publisher={Springer Berlin Heidelberg}
}

@book{rudin,
  title={Real and Complex Analysis},
  author={Rudin, W.},
  isbn={9780071002769},
  series={Mathematics series},
  year={1987},
  publisher={McGraw-Hill}
}

@book{grillet,
  title={Abstract Algebra},
  author={Grillet, P.A.},
  isbn={9780387715681},
  series={Graduate Texts in Mathematics},
  url={https://books.google.si/books?id=LJtyhu8-xYwC},
  year={2007},
  publisher={Springer New York}
}

@article{kadison,
  title   = {The von Neumann algebra characterization theorems},
  author  = {Kadison, R.V.},
  journal = {Expositiones Mathematicae},
  year    = {1985},
  volume  = {3},
  number  = {3},
  pages   = {249--266}
}
